@misc{Andrew,
  author = {Andrew Gibiansky},
  title = {Quadcoptor Dynamics, Simulation and Control},
	howpublished = {\url{http://andrew.gibiansky.com/blog/physics/quadcopter-dynamics}}
}

@book{roboticsbook,
  title={Robotics: modelling, planning and control},
  author={Siciliano, Bruno and Sciavicco, Lorenzo and Villani, Luigi and Oriolo, Giuseppe},
	pages = 130,
  year={2010},
  publisher={Springer Science \& Business Media}
}

@misc{courseWeb,
 author = {Robert Krug},
 title = {Robot Control - 2016},
 year = {2016},
 howpublished= {\url{http://aass.oru.se/Research/Learning/rkg_dir/course_rc_2016.html}}
}

@misc{github,
 author = {Chittaranjan S Srinivas and Anders Wikstrom},
 year = 2016,
 howpublished={\url{https://github.com/ksatyaki/QuadrotorSim}},
 title = {Quadrotor Simulator written in Matlab}
}