@misc{Andrew,
  author = {Andrew Gibiansky},
  title = {Quadcoptor Dynamics, Simulation and Control},
	howpublished = {\url{http://andrew.gibiansky.com/blog/physics/quadcopter-dynamics}}
}